@ARTICLE{beyond_the_hairball,
  
 AUTHOR={Tabacof, Pedro and Busbice, Tim and Larson, Stephen D.},   
	 
TITLE={Beyond the connectome hairball},      
	
JOURNAL={Frontiers in Neuroinformatics},      
	
VOLUME={},      
	
YEAR={2013},      
	
NUMBER={32},     
	  
ABSTRACT={}}

@article{varier2011,
  title={Neural development features: Spatio-temporal development of the Caenorhabditis elegans neuronal network},
  author={Varier, Sreedevi and Kaiser, Marcus},
  journal={PLoS computational biology},
  volume={7},
  number={1},
  pages={e1001044},
  year={2011},
}
